@misc{https://doi.org/10.48550/arxiv.1706.00476,
  doi = {10.48550/ARXIV.1706.00476},
  url = {https://arxiv.org/abs/1706.00476},
  author = {Wang, Po-Wei and Chang, Wei-Cheng and Kolter, J. Zico},
  keywords = {Optimization and Control (math.OC), Machine Learning (cs.LG), Machine Learning (stat.ML), FOS: Mathematics, FOS: Mathematics, FOS: Computer and information sciences, FOS: Computer and information sciences},
  title = {The Mixing method: low-rank coordinate descent for semidefinite programming with diagonal constraints},
  publisher = {arXiv},
  year = {2017},
  copyright = {arXiv.org perpetual, non-exclusive license}
}


@misc{https://doi.org/10.48550/arxiv.1905.12149,
  doi = {10.48550/ARXIV.1905.12149},
  url = {https://arxiv.org/abs/1905.12149},
  author = {Wang, Po-Wei and Donti, Priya L. and Wilder, Bryan and Kolter, J. Zico},
  keywords = {Machine Learning (cs.LG), Artificial Intelligence (cs.AI), Machine Learning (stat.ML), FOS: Computer and information sciences, FOS: Computer and information sciences},
  title = {SATNet: Bridging deep learning and logical reasoning using a differentiable satisfiability solver},
  publisher = {arXiv},
  year = {2019},
  copyright = {arXiv.org perpetual, non-exclusive license}
}

@misc{githubrepo,
  author = {Wang, Po-Wei and Donti, Priya L. and Wilder, Bryan and Kolter, J. Zico},
  title = {SATNet},
  year = {2019},
  publisher = {GitHub},
  journal = {GitHub repository},
  howpublished = {\url{https://github.com/locuslab/SATNet}}
}
